{
  "leader": "03728cam a2200589 a 4500",
  "fields": [
    {
      "001": "ocm22906846\\"
    },
    {
      "003": "OCoLC"
    },
    {
      "005": "20220104150754.0"
    },
    {
      "008": "901207s1991\\\\\\\\enka\\\\\\\\\\b\\\\\\\\001\\0\\eng\\\\"
    },
    {
      "007": "ta"
    },
    {
      "010": {
        "ind1": "\\",
        "ind2": "\\",
        "subfields": [
          {
            "a": "   90027248 "
          }
        ]
      }
    },
    {
      "040": {
        "ind1": "\\",
        "ind2": "\\",
        "subfields": [
          {
            "a": "DLC"
          },
          {
            "b": "eng"
          },
          {
            "c": "DLC"
          },
          {
            "d": "UKM"
          },
          {
            "d": "YBM"
          },
          {
            "d": "BAKER"
          },
          {
            "d": "NLGGC"
          },
          {
            "d": "BTCTA"
          },
          {
            "d": "YDXCP"
          },
          {
            "d": "UBA"
          },
          {
            "d": "LVB"
          },
          {
            "d": "NIALS"
          },
          {
            "d": "BUR"
          },
          {
            "d": "ZWZ"
          },
          {
            "d": "UKMGB"
          },
          {
            "d": "TULIB"
          },
          {
            "d": "EUM"
          },
          {
            "d": "GBVCP"
          },
          {
            "d": "OCLCF"
          },
          {
            "d": "EUW"
          },
          {
            "d": "OCLCQ"
          },
          {
            "d": "TC@"
          },
          {
            "d": "OCLCO"
          },
          {
            "d": "XFF"
          },
          {
            "d": "OCLCO"
          },
          {
            "d": "UEJ"
          },
          {
            "d": "CSJ"
          },
          {
            "d": "CSA"
          },
          {
            "d": "DHA"
          },
          {
            "d": "OCLCQ"
          },
          {
            "d": "OCLCO"
          },
          {
            "d": "BGAUB"
          },
          {
            "d": "OCLCO"
          },
          {
            "d": "OCLCQ"
          },
          {
            "d": "MNS"
          },
          {
            "d": "OCLCO"
          },
          {
            "d": "GILDS"
          },
          {
            "d": "ICN"
          },
          {
            "d": "OCLCQ"
          },
          {
            "d": "TYC"
          },
          {
            "d": "OCLCQ"
          },
          {
            "d": "OCLCO"
          },
          {
            "d": "CNO"
          },
          {
            "d": "OCLCO"
          },
          {
            "d": "CCH"
          },
          {
            "d": "CSO"
          },
          {
            "d": "CPS"
          },
          {
            "d": "CPO"
          },
          {
            "d": "OCLCQ"
          },
          {
            "d": "TOF"
          },
          {
            "d": "OCLCO"
          },
          {
            "d": "OCLCQ"
          },
          {
            "d": "AU@"
          },
          {
            "d": "OCLCO"
          },
          {
            "d": "EUQ"
          },
          {
            "d": "OCLCA"
          },
          {
            "d": "OCLCQ"
          },
          {
            "d": "OCLCO"
          },
          {
            "d": "CBA"
          },
          {
            "d": "OCLCO"
          },
          {
            "d": "OCLCQ"
          },
          {
            "d": "OCLCO"
          },
          {
            "d": "W2U"
          },
          {
            "d": "J9U"
          },
          {
            "d": "LMJ"
          },
          {
            "d": "OCLCO"
          },
          {
            "d": "OCLCQ"
          },
          {
            "d": "OCLCO"
          },
          {
            "d": "OCLCQ"
          },
          {
            "d": "OCLCO"
          },
          {
            "d": "OCLCA"
          },
          {
            "d": "OCLCQ"
          },
          {
            "d": "SAB"
          },
          {
            "d": "OCLCQ"
          },
          {
            "d": "CMT"
          },
          {
            "d": "MM9"
          },
          {
            "d": "OCLCO"
          }
        ]
      }
    },
    {
      "015": {
        "ind1": "\\",
        "ind2": "\\",
        "subfields": [
          {
            "a": "GB9108427"
          },
          {
            "2": "bnb"
          }
        ]
      }
    },
    {
      "015": {
        "ind1": "\\",
        "ind2": "\\",
        "subfields": [
          {
            "a": "GB9365087"
          },
          {
            "2": "bnb"
          }
        ]
      }
    },
    {
      "015": {
        "ind1": "\\",
        "ind2": "\\",
        "subfields": [
          {
            "a": "GB93W5616"
          },
          {
            "2": "bnb"
          }
        ]
      }
    },
    {
      "015": {
        "ind1": "0",
        "ind2": "0",
        "subfields": [
          {
            "a": "b9108427"
          }
        ]
      }
    },
    {
      "016": {
        "ind1": "7",
        "ind2": "\\",
        "subfields": [
          {
            "a": "007785145"
          },
          {
            "2": "Uk"
          }
        ]
      }
    },
    {
      "016": {
        "ind1": "7",
        "ind2": "\\",
        "subfields": [
          {
            "a": "011642072"
          },
          {
            "2": "Uk"
          }
        ]
      }
    },
    {
      "016": {
        "ind1": "7",
        "ind2": "\\",
        "subfields": [
          {
            "a": "012604340"
          },
          {
            "2": "Uk"
          }
        ]
      }
    },
    {
      "016": {
        "ind1": "7",
        "ind2": "\\",
        "subfields": [
          {
            "a": "019-85204"
          },
          {
            "2": "Uk"
          }
        ]
      }
    },
    {
      "019": {
        "ind1": "\\",
        "ind2": "\\",
        "subfields": [
          {
            "a": "24696090"
          },
          {
            "a": "29519560"
          },
          {
            "a": "1063930112"
          },
          {
            "a": "1086795036"
          },
          {
            "a": "1167169636"
          },
          {
            "a": "1171617862"
          },
          {
            "a": "1191331822"
          }
        ]
      }
    },
    {
      "020": {
        "ind1": "\\",
        "ind2": "\\",
        "subfields": [
          {
            "a": "0198520492"
          }
        ]
      }
    },
    {
      "020": {
        "ind1": "\\",
        "ind2": "\\",
        "subfields": [
          {
            "a": "9780198520498"
          }
        ]
      }
    },
    {
      "020": {
        "ind1": "\\",
        "ind2": "\\",
        "subfields": [
          {
            "a": "0198520484"
          }
        ]
      }
    },
    {
      "020": {
        "ind1": "\\",
        "ind2": "\\",
        "subfields": [
          {
            "a": "9780198520481"
          }
        ]
      }
    },
    {
      "035": {
        "ind1": "\\",
        "ind2": "\\",
        "subfields": [
          {
            "a": "(OCoLC)22906846"
          },
          {
            "z": "(OCoLC)24696090"
          },
          {
            "z": "(OCoLC)29519560"
          },
          {
            "z": "(OCoLC)1063930112"
          },
          {
            "z": "(OCoLC)1086795036"
          },
          {
            "z": "(OCoLC)1167169636"
          },
          {
            "z": "(OCoLC)1171617862"
          },
          {
            "z": "(OCoLC)1191331822"
          }
        ]
      }
    },
    {
      "037": {
        "ind1": "\\",
        "ind2": "\\",
        "subfields": [
          {
            "c": "\u00a325.00 : CIP rev."
          }
        ]
      }
    },
    {
      "050": {
        "ind1": "0",
        "ind2": "0",
        "subfields": [
          {
            "a": "QC773"
          },
          {
            "b": ".P35 1991"
          }
        ]
      }
    },
    {
      "082": {
        "ind1": "0",
        "ind2": "4",
        "subfields": [
          {
            "a": "539.709"
          },
          {
            "b": "PAI"
          }
        ]
      }
    },
    {
      "088": {
        "ind1": "\\",
        "ind2": "\\",
        "subfields": [
          {
            "a": "90027248"
          }
        ]
      }
    },
    {
      "100": {
        "ind1": "1",
        "ind2": "\\",
        "subfields": [
          {
            "a": "Pais, Abraham,"
          },
          {
            "d": "1918-2000."
          }
        ]
      }
    },
    {
      "245": {
        "ind1": "1",
        "ind2": "0",
        "subfields": [
          {
            "a": "Niels Bohr's times :"
          },
          {
            "b": "in physics, philosophy, and polity /"
          },
          {
            "c": "Abraham Pais."
          }
        ]
      }
    },
    {
      "260": {
        "ind1": "\\",
        "ind2": "\\",
        "subfields": [
          {
            "a": "Oxford :"
          },
          {
            "b": "Clarendon Press ;"
          },
          {
            "a": "New York :"
          },
          {
            "b": "Oxford University Press,"
          },
          {
            "c": "1991."
          }
        ]
      }
    },
    {
      "300": {
        "ind1": "\\",
        "ind2": "\\",
        "subfields": [
          {
            "a": "xvii, 565 pages :"
          },
          {
            "b": "illustrations ;"
          },
          {
            "c": "25 cm"
          }
        ]
      }
    },
    {
      "336": {
        "ind1": "\\",
        "ind2": "\\",
        "subfields": [
          {
            "a": "text"
          },
          {
            "b": "txt"
          },
          {
            "2": "rdacontent"
          }
        ]
      }
    },
    {
      "337": {
        "ind1": "\\",
        "ind2": "\\",
        "subfields": [
          {
            "a": "unmediated"
          },
          {
            "b": "n"
          },
          {
            "2": "rdamedia"
          }
        ]
      }
    },
    {
      "338": {
        "ind1": "\\",
        "ind2": "\\",
        "subfields": [
          {
            "a": "volume"
          },
          {
            "b": "nc"
          },
          {
            "2": "rdacarrier"
          }
        ]
      }
    },
    {
      "504": {
        "ind1": "\\",
        "ind2": "\\",
        "subfields": [
          {
            "a": "Includes bibliographical references and indexes."
          }
        ]
      }
    },
    {
      "505": {
        "ind1": "0",
        "ind2": "\\",
        "subfields": [
          {
            "a": "A dane for all seasons -- 'In Denmark I was born ... ' -- Boyhood -- Toward the twentieth century: from ancient optics to relativity theory -- Natura facit saltum: the roots of quantum physics -- Student days -- In which Bohr goes to England for postdoctoral research -- Bohr, father of the atom -- How Bohr secured his permanent base of operations -- 'It was the spring of hope, it was the winter of despair' -- Bohr and Einstein -- 'A modern Viking who comes on a great errand' -- 'Then the whole picture changes completely': the discovery of quantum mechanics -- The spirit of Copenhagen -- Looking into the atomic nucleus -- Toward the edge of physics in the Bohr style, and a bit beyond -- How Bohr orchestrated experimental progress in the 1930s, in physics and in biology -- Of sad events and of major journeys -- 'We are suspended in language' -- Fission -- Bohr, pioneer of 'glasnost' -- In which Bohr moves full stream into his later years."
          }
        ]
      }
    },
    {
      "600": {
        "ind1": "1",
        "ind2": "0",
        "subfields": [
          {
            "a": "Bohr, Niels,"
          },
          {
            "d": "1885-1962."
          }
        ]
      }
    },
    {
      "650": {
        "ind1": "\\",
        "ind2": "0",
        "subfields": [
          {
            "a": "Nuclear physics"
          },
          {
            "x": "History."
          }
        ]
      }
    },
    {
      "650": {
        "ind1": "\\",
        "ind2": "2",
        "subfields": [
          {
            "a": "Nuclear Physics"
          },
          {
            "x": "history"
          }
        ]
      }
    },
    {
      "600": {
        "ind1": "1",
        "ind2": "7",
        "subfields": [
          {
            "a": "Bohr, Niels,"
          },
          {
            "d": "1885-1962."
          },
          {
            "2": "fast"
          },
          {
            "0": "(OCoLC)fst01716682"
          }
        ]
      }
    },
    {
      "650": {
        "ind1": "\\",
        "ind2": "7",
        "subfields": [
          {
            "a": "Nuclear physics."
          },
          {
            "2": "fast"
          },
          {
            "0": "(OCoLC)fst01040386"
          }
        ]
      }
    },
    {
      "655": {
        "ind1": "\\",
        "ind2": "7",
        "subfields": [
          {
            "a": "History."
          },
          {
            "2": "fast"
          },
          {
            "0": "(OCoLC)fst01411628"
          }
        ]
      }
    },
    {
      "776": {
        "ind1": "0",
        "ind2": "8",
        "subfields": [
          {
            "i": "Online version:"
          },
          {
            "a": "Pais, Abraham, 1918-2000."
          },
          {
            "t": "Niels Bohr's times."
          },
          {
            "d": "Oxford : Clarendon Press ; New York : Oxford University Press, 1991"
          },
          {
            "w": "(OCoLC)756466441"
          }
        ]
      }
    },
    {
      "856": {
        "ind1": "4",
        "ind2": "1",
        "subfields": [
          {
            "3": "Table of contents"
          },
          {
            "u": "http://www.gbv.de/dms/ilmenau/toc/027549879.PDF"
          }
        ]
      }
    },
    {
      "856": {
        "ind1": "4",
        "ind2": "2",
        "subfields": [
          {
            "3": "Contributor biographical information"
          },
          {
            "u": "http://catdir.loc.gov/catdir/enhancements/fy0723/90027248-b.html"
          }
        ]
      }
    },
    {
      "856": {
        "ind1": "4",
        "ind2": "2",
        "subfields": [
          {
            "3": "Publisher description"
          },
          {
            "u": "http://catdir.loc.gov/catdir/enhancements/fy0635/90027248-d.html"
          }
        ]
      }
    },
    {
      "994": {
        "ind1": "\\",
        "ind2": "\\",
        "subfields": [
          {
            "a": "Z0"
          },
          {
            "b": "NYRVC"
          }
        ]
      }
    },
    {
      "948": {
        "ind1": "\\",
        "ind2": "\\",
        "subfields": [
          {
            "h": "NO HOLDINGS IN NYRVC - 1223 OTHER HOLDINGS"
          }
        ]
      }
    },
    {
      "999": {
        "ind1": "\\",
        "ind2": "\\",
        "subfields": [
          {
            "a": "00000000013005"
          }
        ]
      }
    }
  ]
}